<?xml version="1.0" encoding="UTF-8"?>
<Document xmlns="urn:iso:std:iso:20022:tech:xsd:pain.001.001.03">
  <CstmrCdtTrfInitn>
    <GrpHdr>
      <MsgId>MM-UATRM5v21776672704334-MO6X20CU</MsgId>
      <CreDtTm>2026-04-20T08:11:44.334Z</CreDtTm>
      <NbOfTxs>3</NbOfTxs>
      <CtrlSum>500003.00</CtrlSum>
      <InitgPty>
        <Nm>MyMoolah (Pty) Ltd</Nm>
        <Id>
          <OrgId>
            <Othr>
              <Id>OWN11</Id>
              <SchmeNm>
                <Cd>CUST</Cd>
              </SchmeNm>
            </Othr>
          </OrgId>
        </Id>
      </InitgPty>
    </GrpHdr>
    <PmtInf>
      <PmtInfId>PMT-MM-UATRM5v21776672704334-MO6X20</PmtInfId>
      <PmtMtd>TRF</PmtMtd>
      <BtchBookg>true</BtchBookg>
      <NbOfTxs>3</NbOfTxs>
      <CtrlSum>500003.00</CtrlSum>
      <PmtTpInf>
        <InstrPrty>NORM</InstrPrty>
      </PmtTpInf>
      <ReqdExctnDt>2026-04-21</ReqdExctnDt>
      <Dbtr>
        <Nm>MyMoolah (Pty) Ltd</Nm>
      </Dbtr>
      <DbtrAcct>
        <Id>
          <Othr>
            <Id>272406481</Id>
          </Othr>
        </Id>
        <Ccy>ZAR</Ccy>
      </DbtrAcct>
      <DbtrAgt>
        <FinInstnId>
          <ClrSysMmbId>
            <MmbId>051001</MmbId>
          </ClrSysMmbId>
          <PstlAdr>
            <Ctry>ZA</Ctry>
          </PstlAdr>
        </FinInstnId>
      </DbtrAgt>
      <CdtTrfTxInf>
        <PmtId>
          <InstrId>IAC3E4E2A597914D6</InstrId>
          <EndToEndId>UAT-RM5v2-1776672704334-01</EndToEndId>
        </PmtId>
        <Amt>
          <InstdAmt Ccy="ZAR">500001.00</InstdAmt>
        </Amt>
        <ChrgBr>CRED</ChrgBr>
        <CdtrAgt>
          <FinInstnId>
            <ClrSysMmbId>
              <MmbId>051001</MmbId>
            </ClrSysMmbId>
            <PstlAdr>
              <Ctry>ZA</Ctry>
            </PstlAdr>
          </FinInstnId>
        </CdtrAgt>
        <Cdtr>
          <Nm>Andre Botes</Nm>
          <PstlAdr>
            <Ctry>ZA</Ctry>
          </PstlAdr>
        </Cdtr>
        <CdtrAcct>
          <Id>
            <Othr>
              <Id>10111730633</Id>
            </Othr>
          </Id>
          <Tp>
            <Cd>CACC</Cd>
          </Tp>
        </CdtrAcct>
        <RmtInf>
          <Ustrd>MMTP UAT RM5v2 OVERLIMIT</Ustrd>
        </RmtInf>
      </CdtTrfTxInf>
      <CdtTrfTxInf>
        <PmtId>
          <InstrId>IA2F7698A667751A3</InstrId>
          <EndToEndId>UAT-RM5v2-1776672704334-02</EndToEndId>
        </PmtId>
        <Amt>
          <InstdAmt Ccy="ZAR">1.00</InstdAmt>
        </Amt>
        <ChrgBr>CRED</ChrgBr>
        <CdtrAgt>
          <FinInstnId>
            <ClrSysMmbId>
              <MmbId>679000</MmbId>
            </ClrSysMmbId>
            <PstlAdr>
              <Ctry>ZA</Ctry>
            </PstlAdr>
          </FinInstnId>
        </CdtrAgt>
        <Cdtr>
          <Nm>Andre Botes</Nm>
          <PstlAdr>
            <Ctry>ZA</Ctry>
          </PstlAdr>
        </Cdtr>
        <CdtrAcct>
          <Id>
            <Othr>
              <Id>18828076450</Id>
            </Othr>
          </Id>
          <Tp>
            <Cd>CACC</Cd>
          </Tp>
        </CdtrAcct>
        <RmtInf>
          <Ustrd>MMTP UAT RM5v2 SMALL 02</Ustrd>
        </RmtInf>
      </CdtTrfTxInf>
      <CdtTrfTxInf>
        <PmtId>
          <InstrId>IBA6CF50319B8EC95</InstrId>
          <EndToEndId>UAT-RM5v2-1776672704334-03</EndToEndId>
        </PmtId>
        <Amt>
          <InstdAmt Ccy="ZAR">1.00</InstdAmt>
        </Amt>
        <ChrgBr>CRED</ChrgBr>
        <CdtrAgt>
          <FinInstnId>
            <ClrSysMmbId>
              <MmbId>470010</MmbId>
            </ClrSysMmbId>
            <PstlAdr>
              <Ctry>ZA</Ctry>
            </PstlAdr>
          </FinInstnId>
        </CdtrAgt>
        <Cdtr>
          <Nm>Andre Botes</Nm>
          <PstlAdr>
            <Ctry>ZA</Ctry>
          </PstlAdr>
        </Cdtr>
        <CdtrAcct>
          <Id>
            <Othr>
              <Id>1254107337</Id>
            </Othr>
          </Id>
          <Tp>
            <Cd>CACC</Cd>
          </Tp>
        </CdtrAcct>
        <RmtInf>
          <Ustrd>MMTP UAT RM5v2 SMALL 03</Ustrd>
        </RmtInf>
      </CdtTrfTxInf>
    </PmtInf>
  </CstmrCdtTrfInitn>
</Document>