<?xml version="1.0" encoding="UTF-8"?>
<Document xmlns="urn:iso:std:iso:20022:tech:xsd:pain.001.001.03">
  <CstmrCdtTrfInitn>
    <GrpHdr>
      <MsgId>MM-SAMPLE-TST-20260327</MsgId>
      <CreDtTm>2026-03-27T12:00:00.000Z</CreDtTm>
      <NbOfTxs>3</NbOfTxs>
      <CtrlSum>3.00</CtrlSum>
      <InitgPty>
        <Nm>MyMoolah (Pty) Ltd</Nm>
        <Id>
          <OrgId>
            <Othr>
              <Id>OWN11</Id>
              <SchmeNm>
                <Cd>CUST</Cd>
              </SchmeNm>
            </Othr>
          </OrgId>
        </Id>
      </InitgPty>
    </GrpHdr>
    <PmtInf>
      <PmtInfId>PMT-MM-SAMPLE-TST-20260327</PmtInfId>
      <PmtMtd>TRF</PmtMtd>
      <BtchBookg>true</BtchBookg>
      <NbOfTxs>3</NbOfTxs>
      <CtrlSum>3.00</CtrlSum>
      <PmtTpInf>
        <InstrPrty>NORM</InstrPrty>
      </PmtTpInf>
      <ReqdExctnDt>2026-03-27</ReqdExctnDt>
      <Dbtr>
        <Nm>MyMoolah (Pty) Ltd</Nm>
      </Dbtr>
      <DbtrAcct>
        <Id>
          <Othr>
            <Id>000602739172</Id>
          </Othr>
        </Id>
        <Ccy>ZAR</Ccy>
      </DbtrAcct>
      <DbtrAgt>
        <FinInstnId>
          <ClrSysMmbId>
            <MmbId>051001</MmbId>
          </ClrSysMmbId>
          <PstlAdr>
            <Ctry>ZA</Ctry>
          </PstlAdr>
        </FinInstnId>
      </DbtrAgt>
      <CdtTrfTxInf>
        <PmtId>
          <EndToEndId>E2E-TST-001</EndToEndId>
        </PmtId>
        <Amt>
          <InstdAmt Ccy="ZAR">1.00</InstdAmt>
        </Amt>
        <CdtrAgt>
          <FinInstnId>
            <ClrSysMmbId>
              <MmbId>051001</MmbId>
            </ClrSysMmbId>
            <PstlAdr>
              <Ctry>ZA</Ctry>
            </PstlAdr>
          </FinInstnId>
        </CdtrAgt>
        <Cdtr>
          <Nm>Test Beneficiary One</Nm>
          <PstlAdr>
            <Ctry>ZA</Ctry>
          </PstlAdr>
        </Cdtr>
        <CdtrAcct>
          <Id>
            <Othr>
              <Id>000000000001</Id>
            </Othr>
          </Id>
        </CdtrAcct>
        <RmtInf>
          <Ustrd>MYMOOLAH TEST PAYMENT 001</Ustrd>
        </RmtInf>
      </CdtTrfTxInf>
      <CdtTrfTxInf>
        <PmtId>
          <EndToEndId>E2E-TST-002</EndToEndId>
        </PmtId>
        <Amt>
          <InstdAmt Ccy="ZAR">1.00</InstdAmt>
        </Amt>
        <CdtrAgt>
          <FinInstnId>
            <ClrSysMmbId>
              <MmbId>250655</MmbId>
            </ClrSysMmbId>
            <PstlAdr>
              <Ctry>ZA</Ctry>
            </PstlAdr>
          </FinInstnId>
        </CdtrAgt>
        <Cdtr>
          <Nm>Test Beneficiary Two</Nm>
          <PstlAdr>
            <Ctry>ZA</Ctry>
          </PstlAdr>
        </Cdtr>
        <CdtrAcct>
          <Id>
            <Othr>
              <Id>000000000002</Id>
            </Othr>
          </Id>
        </CdtrAcct>
        <RmtInf>
          <Ustrd>MYMOOLAH TEST PAYMENT 002</Ustrd>
        </RmtInf>
      </CdtTrfTxInf>
      <CdtTrfTxInf>
        <PmtId>
          <EndToEndId>E2E-TST-003</EndToEndId>
        </PmtId>
        <Amt>
          <InstdAmt Ccy="ZAR">1.00</InstdAmt>
        </Amt>
        <CdtrAgt>
          <FinInstnId>
            <ClrSysMmbId>
              <MmbId>632005</MmbId>
            </ClrSysMmbId>
            <PstlAdr>
              <Ctry>ZA</Ctry>
            </PstlAdr>
          </FinInstnId>
        </CdtrAgt>
        <Cdtr>
          <Nm>Test Beneficiary Three</Nm>
          <PstlAdr>
            <Ctry>ZA</Ctry>
          </PstlAdr>
        </Cdtr>
        <CdtrAcct>
          <Id>
            <Othr>
              <Id>000000000003</Id>
            </Othr>
          </Id>
        </CdtrAcct>
        <RmtInf>
          <Ustrd>MYMOOLAH TEST PAYMENT 003</Ustrd>
        </RmtInf>
      </CdtTrfTxInf>
    </PmtInf>
  </CstmrCdtTrfInitn>
</Document>
