<?xml version="1.0" encoding="UTF-8"?>
<Document xmlns="urn:iso:std:iso:20022:tech:xsd:pain.001.001.03">
  <CstmrCdtTrfInitn>
    <GrpHdr>
      <MsgId>MM-TESTMEL20260330-MND6RDPI</MsgId>
      <CreDtTm>2026-03-30T12:50:19.302Z</CreDtTm>
      <NbOfTxs>3</NbOfTxs>
      <CtrlSum>3.00</CtrlSum>
      <InitgPty>
        <Nm>MyMoolah (Pty) Ltd</Nm>
        <Id>
          <OrgId>
            <Othr>
              <Id>OWN11</Id>
              <SchmeNm>
                <Cd>CUST</Cd>
              </SchmeNm>
            </Othr>
          </OrgId>
        </Id>
      </InitgPty>
    </GrpHdr>
    <PmtInf>
      <PmtInfId>PMT-MM-TESTMEL20260330-MND6RDPI</PmtInfId>
      <PmtMtd>TRF</PmtMtd>
      <BtchBookg>true</BtchBookg>
      <NbOfTxs>3</NbOfTxs>
      <CtrlSum>3.00</CtrlSum>
      <PmtTpInf>
        <InstrPrty>NORM</InstrPrty>
      </PmtTpInf>
      <ReqdExctnDt>2026-03-31</ReqdExctnDt>
      <Dbtr>
        <Nm>MyMoolah (Pty) Ltd</Nm>
      </Dbtr>
      <DbtrAcct>
        <Id>
          <Othr>
            <Id>272406481</Id>
          </Othr>
        </Id>
        <Ccy>ZAR</Ccy>
      </DbtrAcct>
      <DbtrAgt>
        <FinInstnId>
          <ClrSysMmbId>
            <MmbId>002154</MmbId>
          </ClrSysMmbId>
          <PstlAdr>
            <Ctry>ZA</Ctry>
          </PstlAdr>
        </FinInstnId>
      </DbtrAgt>
      <CdtTrfTxInf>
        <PmtId>
          <InstrId>I6DEAFAFAA9AA9776</InstrId>
          <EndToEndId>TST-SBSA-001</EndToEndId>
        </PmtId>
        <Amt>
          <InstdAmt Ccy="ZAR">1.00</InstdAmt>
        </Amt>
        <CdtrAgt>
          <FinInstnId>
            <ClrSysMmbId>
              <MmbId>051001</MmbId>
            </ClrSysMmbId>
            <PstlAdr>
              <Ctry>ZA</Ctry>
            </PstlAdr>
          </FinInstnId>
        </CdtrAgt>
        <Cdtr>
          <Nm>Andre Botes</Nm>
          <PstlAdr>
            <Ctry>ZA</Ctry>
          </PstlAdr>
        </Cdtr>
        <CdtrAcct>
          <Id>
            <Othr>
              <Id>10111730633</Id>
            </Othr>
          </Id>
        </CdtrAcct>
        <RmtInf>
          <Ustrd>TEST PAYMENT SBSA</Ustrd>
        </RmtInf>
      </CdtTrfTxInf>
      <CdtTrfTxInf>
        <PmtId>
          <InstrId>IC7AE903AD93CC4FE</InstrId>
          <EndToEndId>TST-DISC-002</EndToEndId>
        </PmtId>
        <Amt>
          <InstdAmt Ccy="ZAR">1.00</InstdAmt>
        </Amt>
        <CdtrAgt>
          <FinInstnId>
            <ClrSysMmbId>
              <MmbId>679000</MmbId>
            </ClrSysMmbId>
            <PstlAdr>
              <Ctry>ZA</Ctry>
            </PstlAdr>
          </FinInstnId>
        </CdtrAgt>
        <Cdtr>
          <Nm>Andre Botes</Nm>
          <PstlAdr>
            <Ctry>ZA</Ctry>
          </PstlAdr>
        </Cdtr>
        <CdtrAcct>
          <Id>
            <Othr>
              <Id>18828076450</Id>
            </Othr>
          </Id>
        </CdtrAcct>
        <RmtInf>
          <Ustrd>TEST PAYMENT DISCOVERY</Ustrd>
        </RmtInf>
      </CdtTrfTxInf>
      <CdtTrfTxInf>
        <PmtId>
          <InstrId>IB827FE4B891E99C7</InstrId>
          <EndToEndId>TST-CAP-003</EndToEndId>
        </PmtId>
        <Amt>
          <InstdAmt Ccy="ZAR">1.00</InstdAmt>
        </Amt>
        <CdtrAgt>
          <FinInstnId>
            <ClrSysMmbId>
              <MmbId>470010</MmbId>
            </ClrSysMmbId>
            <PstlAdr>
              <Ctry>ZA</Ctry>
            </PstlAdr>
          </FinInstnId>
        </CdtrAgt>
        <Cdtr>
          <Nm>Andre Botes</Nm>
          <PstlAdr>
            <Ctry>ZA</Ctry>
          </PstlAdr>
        </Cdtr>
        <CdtrAcct>
          <Id>
            <Othr>
              <Id>1254107337</Id>
            </Othr>
          </Id>
        </CdtrAcct>
        <RmtInf>
          <Ustrd>TEST PAYMENT CAPITEC</Ustrd>
        </RmtInf>
      </CdtTrfTxInf>
    </PmtInf>
  </CstmrCdtTrfInitn>
</Document>