<?xml version="1.0" encoding="UTF-8"?>
<Document xmlns="urn:iso:std:iso:20022:tech:xsd:pain.001.001.03">
  <CstmrCdtTrfInitn>
    <GrpHdr>
      <MsgId>MM-TESTCONNECT20260416-MO18Y1MZ</MsgId>
      <CreDtTm>2026-04-16T08:57:57.707Z</CreDtTm>
      <NbOfTxs>3</NbOfTxs>
      <CtrlSum>3.00</CtrlSum>
      <InitgPty>
        <Nm>MyMoolah (Pty) Ltd</Nm>
        <Id>
          <OrgId>
            <Othr>
              <Id>OWN11</Id>
              <SchmeNm>
                <Cd>CUST</Cd>
              </SchmeNm>
            </Othr>
          </OrgId>
        </Id>
      </InitgPty>
    </GrpHdr>
    <PmtInf>
      <PmtInfId>PMT-MM-TESTCONNECT20260416-MO18Y1MZ</PmtInfId>
      <PmtMtd>TRF</PmtMtd>
      <BtchBookg>true</BtchBookg>
      <NbOfTxs>3</NbOfTxs>
      <CtrlSum>3.00</CtrlSum>
      <PmtTpInf>
        <InstrPrty>NORM</InstrPrty>
      </PmtTpInf>
      <ReqdExctnDt>2026-04-17</ReqdExctnDt>
      <Dbtr>
        <Nm>MyMoolah (Pty) Ltd</Nm>
      </Dbtr>
      <DbtrAcct>
        <Id>
          <Othr>
            <Id>272406481</Id>
          </Othr>
        </Id>
        <Ccy>ZAR</Ccy>
      </DbtrAcct>
      <DbtrAgt>
        <FinInstnId>
          <ClrSysMmbId>
            <MmbId>002154</MmbId>
          </ClrSysMmbId>
          <PstlAdr>
            <Ctry>ZA</Ctry>
          </PstlAdr>
        </FinInstnId>
      </DbtrAgt>
      <CdtTrfTxInf>
        <PmtId>
          <InstrId>I3A2DEF712634D470</InstrId>
          <EndToEndId>TST-SBSA-20260416-001</EndToEndId>
        </PmtId>
        <Amt>
          <InstdAmt Ccy="ZAR">1.00</InstdAmt>
        </Amt>
        <ChrgBr>CRED</ChrgBr>
        <CdtrAgt>
          <FinInstnId>
            <ClrSysMmbId>
              <MmbId>051001</MmbId>
            </ClrSysMmbId>
            <PstlAdr>
              <Ctry>ZA</Ctry>
            </PstlAdr>
          </FinInstnId>
        </CdtrAgt>
        <Cdtr>
          <Nm>Andre Botes</Nm>
          <PstlAdr>
            <Ctry>ZA</Ctry>
          </PstlAdr>
        </Cdtr>
        <CdtrAcct>
          <Id>
            <Othr>
              <Id>10111730633</Id>
            </Othr>
          </Id>
          <Tp>
            <Cd>CACC</Cd>
          </Tp>
        </CdtrAcct>
        <RmtInf>
          <Ustrd>MMTP TEST PAYMENT 001</Ustrd>
        </RmtInf>
      </CdtTrfTxInf>
      <CdtTrfTxInf>
        <PmtId>
          <InstrId>I0AE4F8568FC0E0C6</InstrId>
          <EndToEndId>TST-DISC-20260416-002</EndToEndId>
        </PmtId>
        <Amt>
          <InstdAmt Ccy="ZAR">1.00</InstdAmt>
        </Amt>
        <ChrgBr>CRED</ChrgBr>
        <CdtrAgt>
          <FinInstnId>
            <ClrSysMmbId>
              <MmbId>679000</MmbId>
            </ClrSysMmbId>
            <PstlAdr>
              <Ctry>ZA</Ctry>
            </PstlAdr>
          </FinInstnId>
        </CdtrAgt>
        <Cdtr>
          <Nm>Andre Botes</Nm>
          <PstlAdr>
            <Ctry>ZA</Ctry>
          </PstlAdr>
        </Cdtr>
        <CdtrAcct>
          <Id>
            <Othr>
              <Id>18828076450</Id>
            </Othr>
          </Id>
          <Tp>
            <Cd>CACC</Cd>
          </Tp>
        </CdtrAcct>
        <RmtInf>
          <Ustrd>MMTP TEST PAYMENT 002</Ustrd>
        </RmtInf>
      </CdtTrfTxInf>
      <CdtTrfTxInf>
        <PmtId>
          <InstrId>IC03887C6687D6FC1</InstrId>
          <EndToEndId>TST-CAP-20260416-003</EndToEndId>
        </PmtId>
        <Amt>
          <InstdAmt Ccy="ZAR">1.00</InstdAmt>
        </Amt>
        <ChrgBr>CRED</ChrgBr>
        <CdtrAgt>
          <FinInstnId>
            <ClrSysMmbId>
              <MmbId>470010</MmbId>
            </ClrSysMmbId>
            <PstlAdr>
              <Ctry>ZA</Ctry>
            </PstlAdr>
          </FinInstnId>
        </CdtrAgt>
        <Cdtr>
          <Nm>Andre Botes</Nm>
          <PstlAdr>
            <Ctry>ZA</Ctry>
          </PstlAdr>
        </Cdtr>
        <CdtrAcct>
          <Id>
            <Othr>
              <Id>1254107337</Id>
            </Othr>
          </Id>
          <Tp>
            <Cd>CACC</Cd>
          </Tp>
        </CdtrAcct>
        <RmtInf>
          <Ustrd>MMTP TEST PAYMENT 003</Ustrd>
        </RmtInf>
      </CdtTrfTxInf>
    </PmtInf>
  </CstmrCdtTrfInitn>
</Document>